@article{delphi,
  title={Learning the natural history of human disease with generative transformers},
  author={Shmatko, Artem and Jung, Alexander Wolfgang and Gaurav, Kumar and Brunak, S{\o}ren and Mortensen, Laust Hvas and Birney, Ewan and Fitzgerald, Tom and Gerstung, Moritz},
  journal={Nature},
  pages={1--9},
  year={2025},
  publisher={Nature Publishing Group UK London}
}
@article{fine,
  title={Fine-Gray subdistribution hazard models to simultaneously estimate the absolute risk of different event types: cumulative total failure probability may exceed 1},
  author={Austin, Peter C and Steyerberg, Ewout W and Putter, Hein},
  journal={Statistics in Medicine},
  volume={40},
  number={19},
  pages={4200--4212},
  year={2021},
  publisher={Wiley Online Library}
}
@book{gerds2021medical,
  title={Medical risk prediction models: with ties to machine learning},
  author={Gerds, Thomas A and Kattan, Michael W},
  year={2021},
  publisher={Chapman and Hall/CRC}
}
@article{guo2023,
  title={Assessing the most vulnerable subgroup to type II diabetes associated with statin usage: Evidence from electronic health record data},
  author={Guo, Xinzhou and Wei, Waverly and Liu, Molei and Cai, Tianxi and Wu, Chong and Wang, Jingshen},
  journal={Journal of the American Statistical Association},
  volume={118},
  number={543},
  pages={1488--1499},
  year={2023},
  publisher={Taylor \& Francis}
}
@article{isaksen2023validation,
  title={Validation of register-based diabetes classifiers in Danish data},
  author={Isaksen, Anders Aasted and Sandb{\ae}k, Annelli and Bjerg, Lasse},
  journal={Clinical Epidemiology},
  pages={569--581},
  year={2023},
  publisher={Taylor \& Francis}
}
@article{li2016,
  title={Joint inference for competing risks survival data},
  author={Li, Gang and Yang, Qing},
  journal={Journal of the American Statistical Association},
  volume={111},
  number={515},
  pages={1289--1300},
  year={2016},
  publisher={Taylor \& Francis}
}
@article{liu2024predicting,
  title={Predicting the risks of kidney failure and death in adults with moderate to severe chronic kidney disease: multinational, longitudinal, population based, cohort study},
  author={Liu, Ping and Sawhney, Simon and Heide-J{\o}rgensen, Uffe and Quinn, Robert Ross and Jensen, Simon Kok and Mclean, Andrew and Christiansen, Christian Fynbo and Gerds, Thomas Alexander and Ravani, Pietro},
  journal={bmj},
  volume={385},
  year={2024},
  publisher={British Medical Journal Publishing Group}
}
@article{parikh2021,
  title={A machine learning approach to identify distinct subgroups of veterans at risk for hospitalization or death using administrative and electronic health record data},
  author={Parikh, Ravi B and Linn, Kristin A and Yan, Jiali and Maciejewski, Matthew L and Rosland, Ann-Marie and Volpp, Kevin G and Groeneveld, Peter W and Navathe, Amol S},
  journal={PLoS One},
  volume={16},
  number={2},
  pages={e0247203},
  year={2021},
  publisher={Public Library of Science San Francisco, CA USA}
}
@article{super,
  title={Super learner in prediction},
  author={Polley, Eric C and Van der Laan, Mark J},
  year={2010},
  publisher={bepress}
}
@article{vistisen2016prediction,
  title={Prediction of first cardiovascular disease event in type 1 diabetes mellitus: the steno type 1 risk engine},
  author={Vistisen, Dorte and Andersen, Gregers Stig and Hansen, Christian Stevns and Hulman, Adam and Henriksen, Jan Erik and Bech-Nielsen, Henning and J{\o}rgensen, Marit Eika},
  journal={Circulation},
  volume={133},
  number={11},
  pages={1058--1066},
  year={2016},
  publisher={Lippincott Williams \& Wilkins Hagerstown, MD}
}
@article{wani2024,
  title={Comprehensive analysis of clustering algorithms: exploring limitations and innovative solutions},
  author={Wani, Aasim Ayaz},
  journal={PeerJ Computer Science},
  volume={10},
  pages={e2286},
  year={2024},
  publisher={PeerJ Inc.}
}
@article{wright2021,
  title={Personalised need of care in an ageing society: The making of a prediction tool based on register data},
  author={Wright, Marvin N and Kusumastuti, Sasmita and Mortensen, Laust H and Westendorp, Rudi GJ and Gerds, Thomas A},
  journal={Journal of the Royal Statistical Society Series A: Statistics in Society},
  volume={184},
  number={4},
  pages={1199--1219},
  year={2021},
  publisher={Oxford University Press}
}
